@article{Ambainis2019QuadraticSF,
  title={Quadratic speedup for finding marked vertices by quantum walks},
  author={Andris Ambainis and Andr{\'a}s Gily{\'e}n and Stacey Jeffery and Martins Kokainis},
  journal={ArXiv},
  year={2019},
  volume={abs/1903.07493}
}

@article{Szegedy2004QuantumSO,
  title={Quantum speed-up of Markov chain based algorithms},
  author={M. Szegedy},
  journal={45th Annual IEEE Symposium on Foundations of Computer Science},
  year={2004},
  pages={32-41}
}

@inproceedings{Shenvi2003QuantumRS,
  title={Quantum random-walk search algorithm},
  author={Neil Shenvi and J. Kempe and K. Birgitta Whaley},
  year={2003}
}

@inproceedings{Kempe2003QuantumRW,
  title={Quantum random walks: An introductory overview},
  author={J. Kempe},
  year={2003}
}

@article{Schoning1999APA,
  title={A probabilistic algorithm for k-SAT and constraint satisfaction problems},
  author={Torsten Schoning},
  journal={40th Annual Symposium on Foundations of Computer Science (Cat. No.99CB37039)},
  year={1999},
  pages={410-414}
}

@article{Krovi2015QuantumWC,
  title={Quantum Walks Can Find a Marked Element on Any Graph},
  author={Hari Krovi and Fr{\'e}d{\'e}ric Magniez and Maris Ozols and J{\'e}r{\'e}mie Roland},
  journal={Algorithmica},
  year={2015},
  volume={74},
  pages={851-907}
}

@article{Ambainis2003QuantumWA,
  title={Quantum walk algorithm for element distinctness},
  author={Andris Ambainis},
  journal={45th Annual IEEE Symposium on Foundations of Computer Science},
  year={2003},
  pages={22-31}
}

@article{Apers2018QuantumFM,
  title={Quantum fast-forwarding: Markov chains and graph property testing},
  author={Simon Apers and Alain Sarlette},
  journal={Quantum Information & Computation},
  year={2018},
  volume={19},
  pages={181-213}
}