@article{Ambainis2019QuadraticSF,
  title={Quadratic speedup for finding marked vertices by quantum walks},
  author={Andris Ambainis and Andr{\'a}s Gily{\'e}n and Stacey Jeffery and Martins Kokainis},
  journal={ArXiv},
  year={2019},
  volume={abs/1903.07493}
}

@inproceedings{Shenvi2003QuantumRS,
  title={Quantum random-walk search algorithm},
  author={Neil Shenvi and J. Kempe and K. Birgitta Whaley},
  year={2003}
}